@Article{Christiansen:97,
  author =   {F. Christiansen and P. Cvitanovi\'c and V. Putkaradze},
  title =    {Hopf's last hope: spatiotemporal chaos in terms of unstable recurrent patterns},
  journal =      {Nonlinearity},
  year =     {1997},
  OPTkey =   {},
  volume =   {10},
  OPTnumber =    {},
  OPTpages =     {},
  OPTmonth =     {},
  OPTnote =      {},
  OPTannote =    {}
}



@Book{Holmes:96,
  author =   {P. Holmes and J.L. Lumley and G. Berkooz},
  ALTeditor =    {},
  title =    {Turbulence, Coherent Structures, Dynamical Systems and Symmetry},
  publisher =    {Cambridge U. Press},
  year =     {1996},
  OPTkey =   {},
  OPTvolume =    {},
  OPTnumber =    {},
  OPTseries =    {},
  address =      {Cambridge},
  OPTedition =   {},
  OPTmonth =     {},
  OPTnote =      {},
  OPTannote =    {}
}



@Book{DasBuch,
  author =   {P. Cvitanovi\'c and R. Artuso and R. Mainieri and G. Tanner and G. Vattay},
  ALTeditor =    {},
  title =    {Chaos: Classical and Quantum},
  publisher =    {ChaosBook.org},
  year =     {2004},
  OPTkey =   {},
  OPTvolume =    {},
  OPTnumber =    {},
  OPTseries =    {},
  address =      {Niels Bohr Institute, Copenhagen},
  OPTedition =   {},
  OPTmonth =     {},
  OPTnote =      {},
  OPTannote =    {}
}



@Book{Press:96,
  author =   { W. H. Press and B. P. Flannery and S. A. Teukolsky and W. T. Vetterling},
  ALTeditor =    {},
  title =    {Numerical Recipes in Fortran},
  publisher =    {Cambridge University Press},
  year =     {1996},
  OPTkey =   {},
  OPTvolume =    {},
  OPTnumber =    {},
  OPTseries =    {},
  address =      {Cambridge},
  OPTedition =   {},
  OPTmonth =     {},
  OPTnote =      {},
  OPTannote =    {}
}




@PhdThesis{Lan:Thesis,
  author =   {Y. Lan},
  title =    {Dynamical systems approach to 1-$d$ spatiotemporal chaos -- {A} cyclist's view},
  school =   {Georgia Inst. of Technology},
  year =     {2004},
  OPTkey =   {},
  OPTtype =      {},
  address =      {Atlanta},
  OPTmonth =     {},
  note =      {www.cns.gatech.edu/{~}y-lan},
  OPTannote =    {}
}

@INPROCEEDINGS{CvitLanCrete02,
     AUTHOR = {P. Cvitanovi\'{c} and Y. Lan},
     ADDRESS = {Singapore},
     BOOKTITLE = {Proceedings of 10th International Workshop
          on Multiparticle Production:
          Correlations and Fluctuations in QCD},
     PUBLISHER = {World Scientific},
     EDITOR = {N. Antoniou},
     TITLE = {Turbulent fields and their recurrences},
     YEAR = {2003}
}

@ARTICLE{lanVar1,
     author = {Y. Lan and P. Cvitanovi\'{c}},
     title = {Variational method for finding periodic orbits in a
              general flow},
     journal = {Phys. Rev. E},
     volume = {69},
     pages = {16217},
     year = {2004}
}

@BOOK{infdymnon,
     author = {R. Temam},
     title = {Infinite-Dimensional Dynamical Systems in Mechanics and Physics},
     Series = {Appl. Math. Sci.},
     number = {68},
     publisher = {Springer-Verlag},
     address = {New York},
     year = {1988}
}

@Book{Risken,
author = {H. Risken},
title = {The Fokker-Planck Equation},
publisher = {Springer},
year = {1989},
}
