@Article{Christiansen:97,
  author = 	 {F. Christiansen and P. Cvitanovi\'c and V. Putkaradze},
  title = 	 {Hopf's last hope: spatiotemporal chaos in terms of unstable recurrent patterns},
  journal = 	 {Nonlinearity},
  year = 	 {1997},
  OPTkey = 	 {},
  volume = 	 {10},
  OPTnumber = 	 {},
  OPTpages = 	 {},
  OPTmonth = 	 {},
  OPTnote = 	 {},
  OPTannote = 	 {}
}



@Book{Holmes:96,
  author = 	 {P. Holmes and J.L. Lumley and G. Berkooz},
  ALTeditor = 	 {},
  title = 	 {Turbulence, Coherent Structures, Dynamical Systems and Symmetry},
  publisher = 	 {Cambridge U. Press},
  year = 	 {1996},
  OPTkey = 	 {},
  OPTvolume = 	 {},
  OPTnumber = 	 {},
  OPTseries = 	 {},
  address = 	 {Cambridge},
  OPTedition = 	 {},
  OPTmonth = 	 {},
  OPTnote = 	 {},
  OPTannote = 	 {}
}



@Book{DasBuch,
  author = 	 {P. Cvitanovi\'c and R. Artuso and R. Mainieri and G. Tanner and G. Vattay},
  ALTeditor = 	 {},
  title = 	 {Chaos: Classical and Quantum},
  publisher = 	 {ChaosBook.org},
  year = 	 {2004},
  OPTkey = 	 {},
  OPTvolume = 	 {},
  OPTnumber = 	 {},
  OPTseries = 	 {},
  address = 	 {Niels Bohr Institute, Copenhagen},
  OPTedition = 	 {},
  OPTmonth = 	 {},
  OPTnote = 	 {},
  OPTannote = 	 {}
}



@Book{Press:96,
  author = 	 { W. H. Press and B. P. Flannery and S. A. Teukolsky and W. T. Vetterling},
  ALTeditor = 	 {},
  title = 	 {Numerical Recipes in Fortran},
  publisher = 	 {Cambridge University Press},
  year = 	 {1996},
  OPTkey = 	 {},
  OPTvolume = 	 {},
  OPTnumber = 	 {},
  OPTseries = 	 {},
  address = 	 {Cambridge},
  OPTedition = 	 {},
  OPTmonth = 	 {},
  OPTnote = 	 {},
  OPTannote = 	 {}
}



@Misc{circle,
  OPTkey = 	 {},
  OPTauthor = 	 {},
  title = 	 {http://mathworld.wolfram.com/Circle.html},
  OPThowpublished = {},
  OPTmonth = 	 {},
  OPTyear = 	 {},
  OPTnote = 	 {},
  OPTannote = 	 {}
}

@Article{Kuramoto:76,
  author = 	 {Y. Kuramoto and T. Tsuzuki},
  title = 	 {Persistent propagation of concentration waves in dissipative media far from thermal equilibrium},
  journal = 	 {Progr. Theor. Physics},
  year = 	 {1976},
  OPTkey = 	 {},
  volume = 	 {55},
  OPTnumber = 	 {},
  pages = 	 {365},
  OPTmonth = 	 {},
  OPTnote = 	 {},
  OPTannote = 	 {}
}

@Article{Sivashinsky:77,
  author = 	 {G. I. Sivashinsky},
  title = 	 {Nonlinear analysis of hydrodynamical instability in laminar flames - {I.} {Derivation} of basic equations},
  journal = 	 {Acta Astr.},
  year = 	 {1977},
  OPTkey = 	 {},
  volume = 	 {4},
  OPTnumber = 	 {},
  pages = 	 {1177},
  OPTmonth = 	 {},
  OPTnote = 	 {},
  OPTannote = 	 {}
}



@Article{Foias:88,
  author = 	 {C. Foias and B. Nicolaenko and G. R. Sell and R T\'emam },
  title = 	 {Kuramoto-{Sivashinsky} equation},
  journal = 	 {J. Math. Pures et Appl.},
  year = 	 {1988},
  OPTkey = 	 {},
  volume = 	 {67},
  OPTnumber = 	 {},
  pages = 	 {197},
  OPTmonth = 	 {},
  OPTnote = 	 {},
  OPTannote = 	 {}
}

@PhdThesis{Lan:Thesis,
  author = 	 {Y. Lan},
  title = 	 {Dynamical systems approach to 1-$d$ spatiotemporal chaos -- {A} cyclist's view},
  school = 	 {Georgia Institute of Technology},
  year = 	 {2004},
  OPTkey = 	 {},
  OPTtype = 	 {},
  address = 	 {Atlanta},
  OPTmonth = 	 {},
  OPTnote = 	 {},
  OPTannote = 	 {}
}

