@INBOOK{Palmer06,
  AUTHOR =       {T. Palmer},
  editor =       {T. Palmer, E. Hagedorn},
  TITLE =        {Predictability of Weather and Climate},
  CHAPTER =      {Predictability of Weather and Climate: from Theory to Practice},
  pages =        {1-30},
  PUBLISHER =    {Cambridge University Press},
  YEAR =         {2006},
}

@ARTICLE{Lorenz60,
  AUTHOR =       {E. N. Lorenz},
  TITLE =        {Maximum Simplification of the Dynamics Equations},
  JOURNAL =      {A Quaterly Journal of Geophysics},
  YEAR =         {1960},
  volume =       {12},
  number =       {3},
  pages =        {243-254},
  month =        {August},
}

@INPROCEEDINGS{CvWiAv12,
  author = {Cvitanovi{\'c}, P. and Willis, A. P. and Avila, M.},
  title = {Revealing the state space of turbulent pipe flow by symmetry reduction},
  booktitle = {Proceed. ICTAM 2012 Intern. Congr. Theor. and Appl. Mech.},
  year = {2012},
  editor = {Jianxiang Wang}

@ARTICLE{Christiansen96,
  author = {F. Christiansen and P. Cvitanovi\'{c} and V. Putkaradze},
  title = {Hopf's last hope: spatiotemporal chaos in terms of unstable recurrent patterns},
  year = {1996},
  note = {\arXiv{chao-dyn/9606016v1}}
}
