Scopus
EXPORT DATE: 15 November 2014

@ARTICLE{Alder1983523,
author={Alder, B.J. and Alley, W.E.},
title={Decay of correlations in the Lorentz gas},
journal={Physica A: Statistical Mechanics and its Applications},
year={1983},
volume={121},
number={3},
pages={523-530},
note={cited By (since 1996)10},
url={http://www.scopus.com/inward/record.url?eid=2-s2.0-0040905641&partnerID=40&md5=e602079995ce114586020d071819bc82},
affiliation={Lawrence Livermore National Laboratory, Livermore, CA 94550, United States},
abstract={Computer molecular dynamics calculations give no support to the mode-coupling prediction that the power law of the asymptotic decay of the velocity autocorrelation function is independent of the density of the Lorentz scatters. © 1983.},
document_type={Article},
source={Scopus},
}

@ARTICLE{Alonso2004184,
author={Alonso, D. and Ruiz, A. and De Vega, I.},
title={Transport in polygonal billiards},
journal={Physica D: Nonlinear Phenomena},
year={2004},
volume={187},
number={1-4},
pages={184-199},
note={cited By (since 1996)18},
url={http://www.scopus.com/inward/record.url?eid=2-s2.0-0346895454&partnerID=40&md5=2504f8176d4bf754f351b7f0d85d062c},
affiliation={Departmento de Fisica Fundamental, Universidad de La Laguna, La Laguna, 38203 Tenerife, Spain},
abstract={We present in this work a numerical study of the dynamics of ensembles of point particles within a polygonal billiard chain. This billiard is a system with no exponential instability. Our numerical results suggest that some members of the family exhibit normal diffusive behavior while others present anomalous diffusion. Our conclusions are drawn from the numerical evaluation of the mean square displacement, the velocity autocorrelation function and its spectral analysis. Furthermore we analyze the properties of the incoherent scattering function. The super Burnett coefficient seems to be ill defined in all systems. The multifractal analysis of the spectrum of the velocity autocorrelation functions is also reported. Finally, we study the heat conduction in our polygonal chain. © 2003 Elsevier B.V. All rights reserved.},
author_keywords={Heat conduction;  Polygonal billiards;  Transport properties},
references={Bunimovich, L.A., (1979) Commun. Math. Phys., 65, p. 295; Bunimovich, L.A., Sinai, Ya.G., (1980) Commun. Math. Phys., 78, p. 247; Bunimovich, L.A., Sinai, Ya.G., (1981) Commun. Math. Phys., 78, p. 479; Bunimovich, L.A., (1988) Physica D, 33, p. 58; Knauf, A., (1987) Commun. Math. Phys., 109, pp. 1-24; Bunimovich, L.A., Spohn, H., (1996) Commun. Math. Phys., 176, pp. 661-680; Gaspard, P., (1992) J. Stat. Phys., 68, p. 673; Tasaki, S., Gaspard, P., (1995) J. Stat. Phys., 81, p. 935; Artuso, R., (1991) Phys. Lett. A, 160, p. 528; Casati, G., Prosen, T., (2000) Phys. Rev. Lett., 85, pp. 4261-4264; Dorfman, J.R., Gaspard, P., (1995) Phys. Rev. E, 51, p. 28; Gaspard, P., (1998) Chaos, Scattering and Statistical Mechanics, , Cambridge University Press, Cambridge; Gallavotti, G., Cohen, E.G.D., (1995) Phys. Rev. Lett., 74, pp. 2694-2697; Gallavotti, G., Cohen, E.G.D., (1995) J. Stat. Phys., 80, pp. 931-970; Gallavotti, G., (1996) J. Stat. Phys., 84, pp. 899-926; Gallavotti, G., (1996) Phys. Rev. Lett., 77, pp. 4334-4337; Lepri, S., Rondoni, L., Benettin, G., (2000) J. Stat. Phys., 99, p. 857. , (chaodyn/9909004); Benettin, G., Rondoni, L., (2001) Math. Phys. Electron. J., 7 (3); Dettmann, C.P., Cohen, E.G.D., Van Beijeren, H., (1999) Nature, 401, p. 875; Dettmann, C.P., Cohen, E.G.D., (2000) J. Stat. Phys., 101, p. 775; Li, B., Wang, L., Hu, B., (2002) Phys. Rev. Lett., 88, p. 223901; Li, B., Casati, G., Wang, J., (2003) Phys. Rev. E, 67, p. 021204; Artuso, R., (1997) Physica D, 109, p. 1; Casati, G., Prosen, T., (1999) Phys. Rev. Lett., 83, p. 4729; Alonso, D., Ruiz, A., De Vega, I., (2002) Phys. Rev. E, 66, p. 066131; Balescu, R., (1997) Statistical Dynamics, , Imperial College Press; Van Hove, L., (1954) Phys. Rev., 95, p. 249; Van Beijeren, H., (1982) Rev. Mod. Phys., 54, p. 195; Alonso, D., Artuso, R., Casati, G., Guarneri, I., (1999) Phys. Rev. Lett., 82, p. 1859; Richens, P.J., Berry, M.V., (1981) Physica D, 2, pp. 495-512; Gutkin, E., (1986) Physica D, 19, pp. 311-333; Vorobets, Ya., (1997) Sb. Math., 188, pp. 389-434; Gutkin, E., Max-planck-institute für Mathematik in der Naturwissenschaften, Leipzig, preprint 103 (2001)Gaspard, P., Claus, I., (2002) Philos. Trans.-R. Soc. Lond. Ser. A: Math. Phys. Eng. Sci., 360 (1792), pp. 303-316; Gaspard, P., Claus, I., Gilbert, T., Dorfman, J.R., (2001) Phys. Rev. Lett., 86, p. 1506; Van Beijeren, H., private communicationGaspard, P., Dorfman, J.R., (1995) Phys. Rev. E, 52, p. 3525; Pollicot, M., (1986) Invent. Math., 81, p. 413; Pollicot, M., (1986) Invent. Math., 85, p. 147; Ruelle, D., (1986) Phys. Rev. Lett., 56, p. 405; Gaspard, P., Alonso Ramfrez, D., (1992) Phys. Rev. A, 45, p. 8383; Arnold, V.I., Avez, A., (1968) Ergodic Problems of Classical Mechanics, , Benjamin, New York; Koopman, B.O., (1931) Proc. Natl. Acad. Sci. U.S.A., 17, p. 17; Von Neumann, J., (1932) Proc. Natl. Acad. Sci. U.S.A., 18, p. 70; Sinai, Ya.G., Dynamical Systems II (1985) Encyclopaedia of Mathematical Sciences, 2. , Springer-Verlag, Berlin; Reed, M., Simon, B., (1980) Methods of Modern Mathematical Physics. I. Functional Analysis, , Academic Press, New York; Artuso, R., Guarneri, I., Rebuzzini, L., (2000) Chaos, 10, p. 189; Lebowitz, J.L., Spohn, H., (1978) J. Stat. Phys., 19, p. 633; Prosen, T., Robnik, M., (1992) J. Phys. A, 25, pp. 3449-3472; Mimnagh, D.J.R., Ballentine, L.E., (1997) Phys. Rev. E, 56, pp. 5332-5342; Casati, G., Ford, J., Vivaldi, F., Visscher, W.M., (1984) Phys. Rev. Lett., 52, p. 1861; Casati, G., Prosen, T., axXiv:cond-mat/0203331 (2002)Lepri, S., Livi, R., Politi, A., (1997) Phys. Rev. Lett., 78, p. 1896; Fillipov, A., Hu, B., Li, B., Zeltser, A., (1998) J. Phys. A, 31, p. 7719; Hu, B., Li, B., Zhao, H., (1998) Phys. Rev. E, 57, p. 2992; Kaburaki, H., Machida, M., (1993) Phys. Lett. A, 181, p. 85; Kato, A., Jou, D., (2001) Phys. Rev. E, 64, p. 052201; Li, B., Wang, J., (2002) Anomalous Heat Conduction and Anomalous Diffusion in One Dimensional Systems, , Singapore University, preprint},
document_type={Conference Paper},
source={Scopus},
}

@ARTICLE{Angstmann20121819,
author={Angstmann, C.b  and Morriss, G.P.a },
title={An approximate formula for the diffusion coefficient for the periodic Lorentz gas},
journal={Physics Letters, Section A: General, Atomic and Solid State Physics},
year={2012},
volume={376},
number={23},
pages={1819-1822},
note={cited By (since 1996)2},
url={http://www.scopus.com/inward/record.url?eid=2-s2.0-84860835465&partnerID=40&md5=fbac3ceecc70de6e368a4a5e0b2f7279},
affiliation={School of Physics, University of New South Wales, Sydney 2052, Australia; School of Mathematics and Statistics, University of New South Wales, Sydney 2052, Australia},
abstract={An approximate stochastic model for the topological dynamics of the periodic triangular Lorentz gas is constructed. The model, together with an extremum principle, is used to find a closed form approximation to the diffusion coefficient as a function of the lattice spacing. This approximation is superior to the popular Machta and Zwanzig result and agrees well with a range of numerical estimates. © 2012 Elsevier B.V. All rights reserved.},
author_keywords={Deterministic diffusion;  Lorentz gas},
references={MacHta, J., Zwanzig, R., (1983) Phys. Rev. Lett., 50, p. 1959; Gilbert, T., Hguyen, H.C., Sanders, D.P., (2011) J. Phys. A: Math. Theor., 44; Klages, R., Dellago, C., (2000) J. Stat. Phys., 101, p. 145; Klages, R., Korabel, N., (2002) J. Phys. A: Math. Theor., 35; Morriss, G.P., Rondoni, L., (1994) J. Stat. Phys., 75, p. 553; Baranyai, A., Evans, D.J., Cohen, E.G.D., (1993) J. Stat. Phys., 70, p. 1085; Gaspard, P., Baras, F., (1995) Phys. Rev. e, 51, p. 5332; Harayama, T., Gaspard, P., (2001) Phys. Rev. e, 64; Harayama, T., Klages, R., Gaspard, P., (2002) Phys. Rev. e, 66, p. 026211; Chernov, N., (1997) J. Stat. Phys., 88, p. 1; Dettmann, C.P., (2000) Hard Ball Systems and the Lorentz Gas, 101, pp. 315-365. , Encyclopaedia Math. Sci. Springer; Marklof, J., Strömbergsson, A., (2008) Nonlinearity, 21, p. 1413; Gilbert, T., Sanders, D.P., (2009) Phys. Rev. e, 80, p. 041121; Cvitanovic, P., Gaspard, P., Schreiber, T., (1992) Chaos, 2, p. 85; Bunimovich, L.A., (1985) Statistical Physics and Dynamical Systems: Rigorous Results, 10, p. 127. , A. Jaffe, J. Fritz, D. Szasz, Prog. Phys. Birkhäuser},
document_type={Article},
source={Scopus},
}

@ARTICLE{Avila2013,
author={Avila, A. and Delecroix, V.},
journal={Weak Mixing Directions in Non-Arithmetic Veech Surfaces},
year={2013},
note={cited By (since 1996)1},
source={Scopus},
}

@ARTICLE{Bachurin201133,
author={Bachurin, P.a  and Khanin, K.b  and Marklof, J.c  and Plakhov, A.d },
title={Perfect retroreflectors and billiard dynamics},
journal={Journal of Modern Dynamics},
year={2011},
volume={5},
number={1},
pages={33-48},
note={cited By (since 1996)6},
url={http://www.scopus.com/inward/record.url?eid=2-s2.0-79955415525&partnerID=40&md5=c445b1cf364230f99f2a86efe52ea0ed},
affiliation={Department of Mathematics, Stony Brook University, Stony Brook, NY 11794-3651, United States; Department of Mathematics, University of Toronto, 40 St. George St, Toronto, Ontario M5S 2E4, Canada; School of Mathematics, University of Bristol, Bristol BS8 1TW, United Kingdom; Mathematics Department, University of Aveiro, Aveiro 3810-193, Portugal},
abstract={We construct semi infinite billiard domains which reverse the direction of most incoming particles. We prove that almost all particles will leave the open billiard domain after a finite number of reflections. Moreover, with high probability the exit velocity is exactly opposite to the entrance velocity, and the particle's exit point is arbitrarily close to its initial position. The method is based on asymptotic analysis of statistics of entrance times to a small interval for irrational circle rotations. The rescaled entrance times have a limiting distribution in the limit when the length of the interval vanishes. The proof of the main results follows from the study of related limiting distributions and their regularity properties. © 2011 AIMSciences.},
author_keywords={Billiards;  Circle Rotation;  Dynamical Renormalization;  Homogeneous Flow;  Recurrence;  Retroreflectors},
references={Boshernitzan, M., A condition for minimal interval-exchange maps to be uniquely ergodic (1985) Duke Math. J, 52, pp. 723-752; Boshernitzan, M., A condition for unique ergodicity of minimal symbolic flows (1992) Ergodic Theory Dynam. Systems, 12, pp. 425-428; Boshernitzan, M., Nogueira, A., Generalized functions of interval-exchange maps (2004) Ergodic Theory Dynam. Systems, 24, pp. 697-705; Eaton, J.E., On spherically symmetric lenses (1952) Trans. IRE Antennas Propag, 4, pp. 66-71; Hubert, P., Lelièvre, S., Troubetzkoy, S., The Ehrenfest Wind-tree Model: Periodic Directions, Recurrence, Diffusion, , arXiv:0912.2891; Katok, A., Stepin, A., Approximations in ergodic theory, (Russian) (1967) Uspehi Mat. Nauk, 22, pp. 81-106; Loeve, M., (1977) Probability Theory I, 45. , Fourth edition, Graduate Texts in Mathematics, Springer-Verlag, New York-Heidelberg; Marklof, J., Distribution modulo one and Ratner's theorem, Equidistribution in Number Theory, An Introduction (2007) NATO Sci. Ser. II Math. Phys. Chem, 237, pp. 217-244. , Springer, Dordrecht; Marklof, J., The n-point correlations between values of a linear form, With an appendix by Zeév Rudnick (2000) Ergodic Theory Dynam. Systems, 20, pp. 1127-1172; Marklof, J., Strömbergsson, A., The distribution of free path lengths in the periodic Lorentz gas and related lattice point problems (2010) Annals of Math, 172, pp. 1949-2033; Mazel, A.E., Sinai, Y.G., (1992) A Limiting Distribution Connected With Fractional Parts of Linear Forms, Ideas and Methods In Mathematical Analysis, Stochastics, and Applications (Oslo, 1988), pp. 220-229. , Cambridge Univ. Press, Cambridge; Plakhov, A., Gouveia, P., Problems of maximal mean resistance on the plane (2007) Nonlinearity, 20, pp. 2271-2287; Siegel, C.L., (1989) Lectures On the Geometry of Numbers, , Notes by B. Friedman, Rewritten by Komaravolu Chandrasekharan with the assistance of Rudolf Suter, With a preface by Chan-drasekharan. Springer-Verlag, Berlin; Tyc, T., Leonhardt, U., Transmutation of singularities in optical instruments (2008) New J. Physics, 10, p. 8; Veech, W.A., Boshernitzan's criterion for unique ergodicity of an interval-exchange transformation (1987) Ergodic Theory Dynam. Systems, 7, pp. 149-153},
document_type={Article},
source={Scopus},
}

@ARTICLE{Bachurin2008155,
author={Bachurin, P.a  and Bálint, P.b  c  and Tóth, I.P.d  e },
title={Local ergodicity for systems with growth properties including multi-dimensional dispersing billiards},
journal={Israel Journal of Mathematics},
year={2008},
volume={167},
number={1},
pages={155-175},
note={cited By (since 1996)3},
url={http://www.scopus.com/inward/record.url?eid=2-s2.0-56349170376&partnerID=40&md5=271aafbcd1ad7172cfa9837d97621789},
affiliation={Department of Mathematics, University of Toronto, Toronto, ON M5S 2E4, Canada; Mathematical Institute, Technical University of Budapest, Egry József u. 1, Budapest, Hungary; Courant Institute of Mathematical Sciences, New York University, 251 Mercer Street, New York, NY 10012, United States; Alfréd Rényi Institute, Hungarian Academy of Sciences, Reáltanoda u. 13-15, Budapest H-105, Hungary; Research Group Stochastics, Technical University of Budapest, Hungarian Academy of Sciences, Budapest, Hungary},
abstract={We prove local ergodicity of uniformly hyperbolic discrete time dynamical systems with singularities, which satisfy certain regularity conditions and an assumption on the growth of unstable manifolds. We apply the result to prove ergodicity of a class of multi-dimensional dispersing billiards. © 2008 Hebrew University Magnes Press.},
references={Bálint, P., Chernov, N.I., Szász, D., Tóth, I.P., Geometry of Multi-dimensional Dispersing Billiards (2003) Astérisque, 286, pp. 119-150; Bálint, P., Chernov, N.I., Szász, D., Tóth, I.P., Multidimensional Semi-dispersing Billiards: Singularities and the Fundamental Theorem (2002) Annales Henri Poincaré, 3, pp. 451-482; Bálint, P., Tóth, I.P., Exponential Decay of Correlations in Multidimensional Dispersing Billiards, , http://www.renyi.hu/bp/pub.html, Annales Henri Poincaré, to appear; Bachurin, P., On the Structure of the Singularity Manifolds of Dispersing Billiards, , http://www.arxiv.org,math, preprint DS/0505620; Brin, M., Stuck, G., (2002) Inroduction to Dynamical Systems, , Cambridge University Press Cambridge; Chernov, N., Local ergodicity of hyperbolic systems with singularities (1993) Functional Analysis and Its Applications, 27, pp. 51-54; Chernov, N., Statistical Properties of Piecewise Smooth Hyperbolic Systems in High Dimensions (1999) Discrete and Continuous Dynamical Systems, 5, pp. 425-448; Chernov, N., Decay of correlations and dispersing billiards (1999) Journal of Statistical Physics, 94, pp. 513-556; Chernov, N., Haskell, N., Non-uniformly Hyperbolic K-systems are Bernoulli (1996) Ergodic Theory and Dynamical Systems, 16, pp. 19-44; Chernov, N., Markarian, R., (2006) Chaotic Billiards Mathematical Surveys and Monographs, 127. , American Mathematical Society Proridance, RI; Katok And, A., Strelcyn, J.-M., Invariant Manifolds, Entropy and Billiards; Smooth Maps with Singularities (1986) Lecture Notes in Mathematics, p. 1222. , Springer; Krámli, A., Simányi, N., Szász, D., A "transversal" fundamental theorem for semi-dispersing billiards (1990) Communications in Mathematical Physics, 129, pp. 535-560; Liverani, C., Wojtkowski, M., Ergodicity in Hamiltonian Systems (1995) Dynamics Reported (New Series), 4, pp. 130-202; Ornstein, D., Weiss, B., On the Bernoulli nature of systems with some hyperbolic structure (1998) Ergodic Theory and Dynamical Systems, 18, pp. 441-456; Sinai, Ya., Dynamical systems with elastic reflections. Ergodic properties of dispersing billiards (1970) Russian Mathematical Surveys, 25, pp. 137-189; Sinai Ya., G., Chernov, N., Ergodic Properties of Certain Systems of 2-D Discs and 3-D Balls (1987) Russian Mathematical Surveys, 42, pp. 181-201. , 3},
document_type={Article},
source={Scopus},
}

@ARTICLE{Baladi2012689,
author={Baladi, V.a  c  and Liverani, C.b },
title={Exponential Decay of Correlations for Piecewise Cone Hyperbolic Contact Flows},
journal={Communications in Mathematical Physics},
year={2012},
volume={314},
number={3},
pages={689-773},
note={cited By (since 1996)7},
url={http://www.scopus.com/inward/record.url?eid=2-s2.0-84865826238&partnerID=40&md5=306c5ad40b26d358951f993c7a117fdb},
affiliation={D.M.A., UMR 8553, École Normale Supérieure, 75005 Paris, France; Dipartimento di Matematica, Università degli Studi di Roma Tor Vergata, Rome, Italy; Department of Mathematical Sciences, University of Copenhagen, Universitetspark 5, 2100 Copenhagen Ø, Denmark},
abstract={We prove exponential decay of correlations for a realistic model of piecewise hyperbolic flows preserving a contact form, in dimension three. This is the first time exponential decay of correlations is proved for continuous-time dynamics with singularities on a manifold. Our proof combines the second author's version (Liverani in Ann Math 159:1275-1312, 2004) of Dolgopyat's estimates for contact flows and the first author's work with Gouëzel (J Mod Dyn 4:91-137, 2010) on piecewise hyperbolic discrete-time dynamics. © 2012 Springer-Verlag.},
references={Araújo, V., Varandas, P., Robust exponential decay of correlations for singular flows (2012) Commun. Math. Phys., 311, pp. 215-246; Avila, A., Gouëzel, S., Yoccoz, J.-C., Exponential mixing for the Teichmüller flow (2006) Publ. Math. Inst. Hautes Études Sci., 104, pp. 143-211; Baladi, V., Anisotropic Sobolev spaces and dynamical transfer operators: C ∞foliations (2005) Algebraic and Topological Dynamics, 385, pp. 123-136. , S. Kolyada, Y. Manin, T. Ward (eds). Contemp. Math., Providence, RI: Amer. Math. Soc; Baladi, V., Bálint, P., Gouëzel, S., A new proof of exponential mixing for 2-d Sinai billiards, , In preparation; Baladi, V., Gouëzel, S., Good Banach spaces for piecewise hyperbolic maps via interpolation Ann (2009) Inst. Henri Poincaré, Anal. Non. Lin., 26, pp. 1453-1481; Baladi, V., Gouëzel, S., Banach spaces for piecewise cone hyperbolic maps (2010) J. Mod. Dyn., 4, pp. 91-137; Baladi, V., Tsujii, M., Anisotropic Hölder and Sobolev spaces for hyperbolic diffeomorphisms (2007) Ann. De L'institut Fourier, 57, pp. 127-154; Baladi, V., Tsujii, M., Dynamical determinants and spectrum for hyperbolic diffeomorphisms (2008) Probabilistic and Geometric Structures in Dynamics, 469, pp. 29-68. , K. Burns, D. Dolgopyat, Ya. Pesin (eds). Contemp. Math. Providence, RI: Amer. Math. Soc; Baladi, V., Vallée, B., Exponential decay of correlations for surface semi-flows without finite Markov partitions (2005) Proc. Amer. Math. Soc., 133, pp. 865-874; Bergh, J., Löfström, J., (1976) Interpolation Spaces, an Introduction, , Berlin, Heidelberg, New York: Springer-Verlag; Blank, M., Keller, G., Liverani, C., Ruelle-Perron-Frobenius spectrum for Anosov maps (2002) Nonlinearity, 15, pp. 1905-1973; Butterley, O., Liverani, C., Smooth Anosov flows: correlation spectra and stability (2007) J. Mod. Dyn., 1, pp. 301-322; Chernov, N.I., Ergodic and statistical properties of piecewise linear hyperbolic automorphisms of the 2-torus (1992) J. Stat. Phys., 69, pp. 111-134; Chernov, N.I., Decay of correlations and dispersing billiards (1999) J. Stat. Phys., 94, pp. 513-556; Chernov, N.I., A stretched exponential bound on time correlations for billiard flows (2007) J. Of Statistical Physics, 127, pp. 21-50; Chernov, N.I., Markarian, R., (2006) Chaotic Billiards Mathematical Surveys and Monographs, 127. , Providence, RI: Amer. Math. Soc; Davis, E.B., (1980) One Parameter Semigroups, , London: Academic Press; Demers, M., Liverani, C., Stability of statistical properties in two-dimensional piecewise hyperbolic maps (2008) Trans. Amer. Math. Soc., 360, pp. 4777-4814; Demers, M., Zhang, H.-K., Spectral Analysis of the Transfer Operator for the Lorentz Gas (2011) J. Mod. Dyn., 5, pp. 665-709; Dolgopyat, D., On decay of correlations in Anosov flows (1998) Ann. Of Math., 147, pp. 357-390; Dolgopyat, D., On differentiability of SRB states for partially hyperbolic systems (2004) Invent. Math., 155, pp. 389-449; Evans, L.C., Gariepy, R.F., Measure theory and fine properties of functions (1992) Studies in Advanced Mathematics, , Boca Raton, FL: CRC Press; Gouëzel, S., Liverani, C., Banach spaces adapted to Anosov systems (2006) Erg. Th. Dyna. Sys., 26, pp. 189-218; Gouëzel, S., Liverani, C., Compact locally maximal hyperbolic sets for smooth maps: fine statistical properties (2008) J. Diff. Geom., 79, pp. 433-477; Hennion, H., Sur un théorème spectral et son application aux noyaux lipchitziens (1993) Proc. Amer. Math. Soc., 118, pp. 627-634; Kato, T., Perturbation theory for linear operators, , Reprint of the 1980 edition. Classics in Mathematics. Berlin: Springer-Verlag, 1995; Katok, A., Burns, K., Infinitesimal Lyapunov functions, invariant cone families and stochastic properties of smooth dynamical systems (1994) Erg. Th. Dyna. Sys., 14, pp. 757-785; Katok, A., Hasselblatt, B., (1995) Introduction to the modern theory of dynamical systems, , Cambridge: Cambridge University Press; Liverani, C., Decay of Correlations (1995) Ann. Of Math., 142, pp. 239-301; Liverani, C., On contact Anosov flows (2004) Ann. Of Math., 159, pp. 1275-1312; Liverani, C., Wojtkowski, M., Ergodicity in Hamiltonian systems (1995) Dyn. Reported, 4, pp. 130-202; Liverani, C., Wojtkowski, M., Conformally symplectic dynamics and symmetry of the Lyapunov spectrum (1998) Commun. Math. Phys., 194, pp. 7-60; Melbourne, I., Decay of correlations for slowly mixing flows (2009) Proc. Lond. Math. Soc., 98, pp. 163-190; Moore, C., Exponential decay of correlation coefficients for geodesic flows (1987) Group representations, ergodic theory, operator algebras, and mathematical physics, pp. 163-181. , (Berkeley, Calif., 1984), Math. Sci. Res. Inst. Publ 6. New York: Springer; Persson, T., On the Hausdorff dimension of piecewise hyperbolic attractors (2010) Fund. Math., 207, pp. 255-272; Ratner, M., The rate of mixing for geodesic and horocycle flows (1987) Erg. Th. Dyna. Sys., 7, pp. 267-288; Runst, T., Sickel, W., (1996) Sobolev spaces of fractional order, Nemytskij operators, and nonlinear partial differential equations, , Berlin: Walter de Gruyter & Co; Stein, E.M., (1970) Singular Integrals and Differentiability Properties of Functions, , Princeton, NJ: Princeton University Press; Stoyanov, L., Spectrum of the Ruelle operator and exponential decay of correlations for open billiard flows (2001) Amer. J. Math., 123, pp. 715-759; Stoyanov, L., Spectrum of Ruelle transfer operators for Axiom A flows (2011) Nonlinearity, 24, pp. 1089-1120; Strichartz, R., Multipliers on fractional Sobolev spaces (1967) J. Math. Mech., 16, pp. 1031-1060; Triebel, H., General function spaces III (spaces B g(x) p,q and F g(x) p,q 1 &lt; p &lt; ∞: basic properties) (1977) Anal. Math., 3, pp. 221-249; Triebel, H., (1978) Interpolation Theory, Function Spaces, Differential Operators, , Amsterdam: North Holland; Triebel, H., (1992) Theory of function spaces II, , Basel: Birkhäuser; Tsujii, M., Quasi-compactness of transfer operators for contact Anosov flows (2010) Nonlinearity, 23, pp. 1495-1545; Tsujii, M., Contact Anosov flows and the Fourier-Bros-Iagolnitzer transform Erg. Th. Dyn. Sys., , Published online: 03 November 2011, doi: 10. 1017/S0143385711000605; Young, L.-S., Statistical properties of dynamical systems with some hyperbolicity (1998) Ann. Of Math., 147, pp. 585-650; Young, L.-S., Recurrence times and rates of mixing (1999) Israel J. Math., 110, pp. 153-188; Young, L.-S., What are SRB measures, and which dynamical systems have them? (2002) J. Stat. Phys., 108, pp. 733-754},
document_type={Article},
source={Scopus},
}

@ARTICLE{Bálint2013,
author={Bálint, P. and Chernov, N. and Dolgopyat, D.},
journal={Convergence of Moments for Dispersing Billiards with Cusps},
year={2013},
note={cited By (since 1996)1},
source={Scopus},
}

@ARTICLE{Bálint20121275,
author={Bálint, P.a  b  and Tóth, I.P.a  b },
title={Example for exponential growth of complexity in a finite horizon multi-dimensional dispersing billiard},
journal={Nonlinearity},
year={2012},
volume={25},
number={5},
pages={1275-1297},
note={cited By (since 1996)1},
url={http://www.scopus.com/inward/record.url?eid=2-s2.0-84859792486&partnerID=40&md5=44441772abab06f5184f45128ddb82ae},
affiliation={MTA-BME Stochastics Research Group, Egry József u. 1, H-1111 Budapest, Hungary; Institute of Mathematics, Budapest University of Technology and Economics, Egry József u. 1, H-1111 Budapest, Hungary},
abstract={We present an example for a periodic point in a three-dimensional dispersing billiard configuration around which the complexity of singularities grows exponentially with the iteration of the map. This implies the existence of multi-dimensional dispersing billiard configurations with finite horizon where the complexity grows exponentially. We also show that complexity growth can be faster than the minimum expansion of unstable vectors - a phenomenon with far-reaching consequences in the study of mixing properties for these systems. The observed behaviour is in strong contrast with the behaviour of two-dimensional systems. © 2012 IOP Publishing Ltd & London Mathematical Society.},
references={Baladi, V., Gouëzel, S., Good Banach spaces for piecewise hyperbolic maps via interpolation (2009) Ann. Inst. H Poincaré/Anal. Non Linéaire, 26 (4), pp. 1453-1481; Baladi, V., Gouëzel, S., Banach spaces for piecewise cone hyperbolic maps (2010) J. Mod. Dyn., 4 (1), pp. 91-137; Balint, P., Chernov, N., Szasz, D., Toth, I.P., Geometry of multi-dimensional dispersing billiards (2003) Asterisque, (286), pp. 119-150; Bálint, P., Chernov, N.I., Szász, D., Tóth, I.P., Multidimensional semi-dispersing billiards: Singularities and the fundamental theorem (2002) Ann. H Poincaré, 3 (3), pp. 451-482; Bálint, P., Tóth, I.P., Exponential decay of correlations in multidimensional dispersing billiards (2008) Ann. H Poincaré, 9 (7), pp. 1309-1369; Boroczky Jr., K., Tardos, G., The longest segment in the complement of a packing (2002) Mathematika, 49 (1-2), pp. 45-49; Bunimovich, L., Ya, S., Chernov, N., Statistical properties of two-dimensional hyperbolic billiards (1991) Russ. Math. Surv., 46 (4), pp. 47-106; Buzzi, J., No or infinitely many A.C.I.P. for piecewise expanding C r maps in higher dimensions (2001) Communications in Mathematical Physics, 222 (3), pp. 495-501. , DOI 10.1007/s002200100509; Chernov, N., Statistical properties of piecewise smooth hyperbolic systems in high dimensions (1999) Discrete Continuous Dyn. Syst., 5 (2), pp. 425-448; Chernov, N., Decay of correlations and dispersing billiards (1999) J. Stat. Phys., 94 (3-4), pp. 513-556; Chernov, N., Sinai billiards under small external forces (2001) Ann. H Poincaré, 2 (2), pp. 197-236; Chernov, N., Dolgopyat, D., (2009) Brownian Motion i; Chernov, N., Markarian, R., (2006) Chaotic Billiards; Chernov, N., Zhang, H.-K., Billiards with polynomial mixing rates (2005) Nonlinearity, 18 (4), pp. 1527-1553. , DOI 10.1088/0951-7715/18/4/006, PII S0951771505839945; Chernov, N., Zhang, H.-K., On statistical properties of hyperbolic systems with singularities (2009) J. Stat. Phys., 136 (4), pp. 615-642; Demers, M., Liverani, C., Stability of statistical properties in two-dimensional piecewise hyperbolic maps (2008) Trans. Am. Math. Soc., 360 (9), pp. 4777-4814; Lasota, A., Yorke, J., On the existence of invariant measures for piecewise monotonic transformations (1973) Trans. Am. Math. Soc., 186, pp. 481-488; Liverani, C., Wojtkowski, M., Ergodicity in Hamiltonian systems (1995) Dyn. Rep. (New Series), 4, pp. 130-202; Tsujii, M., Piecewise expanding maps on the plane with singular ergodic properties (2000) Ergod. Theory Dyn. Syst., 20 (6), pp. 1851-1857; Young, L.-S., Statistical properties of dynamical systems with some hyperbolicity (1998) Ann. Math., 147 (3), pp. 585-650},
document_type={Article},
source={Scopus},
}

@ARTICLE{Bálint2011479,
author={Bálint, P.a  and Chernov, N.b  and Dolgopyat, D.c },
title={Limit Theorems for Dispersing Billiards with Cusps},
journal={Communications in Mathematical Physics},
year={2011},
volume={308},
number={2},
pages={479-510},
note={cited By (since 1996)4},
url={http://www.scopus.com/inward/record.url?eid=2-s2.0-80355133214&partnerID=40&md5=537625b475cfc30a9b783a1e19f2224a},
affiliation={Institute of Mathematics, Budapest University of Technology and Economics, H-1111, Egry Jozsef u. 1, Budapest, Hungary; Department of Mathematics, University of Alabama at Birmingham, Birmingham, AL 35294, United States; Department of Mathematics, University of Maryland, College Park, MD 20742, United States},
abstract={Dispersing billiards with cusps are deterministic dynamical systems with a mild degree of chaos, exhibiting "intermittent" behavior that alternates between regular and chaotic patterns. Their statistical properties are therefore weak and delicate. They are characterized by a slow (power-law) decay of correlations, and as a result the classical central limit theorem fails. We prove that a non-classical central limit theorem holds, with a scaling factor of replacing the standard. We also derive the respective Weak Invariance Principle, and we identify the class of observables for which the classical CLT still holds. © 2011 Springer-Verlag.},
references={Bálint, P., Gouëzel, S., Limit theorems in the stadium billiard (2006) Commun. Math. Phys, 263, pp. 461-512; Bálint, P., Melbourne, I., Decay of correlations and invariance principles for dispersing billiards with cusps, and related planar billiard flows (2008) J. Stat. Phys, 133, pp. 435-447; Billingsley, P., (1968) Convergence of Probability Measures, , John Wiley & Sons Inc.: New York-London-Sydney; Bunimovich, L.A., Sinai, Y.G., Statistical properties of Lorentz gas with periodic configuration of scatterers (1980) Commun. Math. Phys, 78, pp. 479-497; Bunimovich, L.A., Sinai, Y.G., Chernov, N.I., Markov partitions for two-dimensional billiards (1990) Russ. Math. Surv, 45, pp. 105-152; Bunimovich, L.A., Sinai, Y.G., Chernov, N.I., Statistical properties of two-dimensional hyperbolic billiards (1991) Russ. Math. Surv, 46, pp. 47-106; Bunimovichl, A., Spohn, H., Viscosity for a periodic two disk fluid: an existence proof (1996) Commun. Math. Phys., 176, pp. 661-680; Chernov, N., Dolgopyat, D., Anomalous current in periodic Lorentz gases with infinite horizon (2009) Russ. Math. Surv, 64, pp. 73-124; Chernov, N., Dolgopyat, D., Brownian Brownian Motion-1 (2009) Memoirs AMS, 198 (927), p. 193; Chernov, N., Markarian, R., Chaotic Billiards (2006) Mathematical Surveys and Monographs, 127, p. 316. , Providence, RI: Amer. Math. Soc; Chernov, N., Markarian, R., Dispersing billiards with cusps: slow decay of correlations (2007) Commun. Math. Phys, 270, pp. 727-758; Chernov, N., Zhang, H.-K., Billiards with polynomial mixing rates (2005) Nonlinearity, 18, pp. 1527-1553; Chernov, N., Zhang, H.-K., Improved estimates for correlations in billiards (2008) Commun. Math. Phys, 277, pp. 305-321; Eagleson, G.K., Some simple conditions for limit theorems to be mixing (1976) Teor. Verojatnost. I Primenen, 21, pp. 653-660; Gallavotti, G., Ornstein, D., Billiards and Bernoulli schemes (1974) Commun. Math. Phys, 38, pp. 83-101; Gouëzel, S., Statistical properties of a skew product with a curve of neutral points (2007) Ergod. Th. Dynam. Syst., 27, pp. 123-151; Ibragimov, I.A., Linnik, Y.V., (1971) Independent and Stationary Sequences of Random Variables, , Gröningen: Wolters-Noordhoff; Leonov, V.P., On the dispersion of time-dependent means of a stationary stochastic process (1961) Th. Probab. Appl, 6, pp. 87-93; Machta, J., Power law decay of correlations in a billiard problem (1983) J. Stat. Phys, 32, pp. 555-564; Machta, J., Zwanzig, R., Diffusion in a periodic Lorentz gas (1983) Phys. Rev. Lett., 50, pp. 1959-1962; Melbourne, I., Török, A., Statistical limit theorems for suspension flows (2004) Israel J. Math, 144, pp. 191-209; Sinai, Y.G., Dynamical systems with elastic reflections. Ergodic properties of dispersing billiards (1970) Russ. Math. Surv, 25, pp. 137-189; Szasz, D., Varju, T., Limit laws and recurrence for the planar lorentz process with infinite horizon (2007) J. Stat. Phys, 129, pp. 59-80; Young, L.-S., Statistical properties of dynamical systems with some hyperbolicity (1998) Ann. Math, 147, pp. 585-650},
document_type={Article},
source={Scopus},
}

@ARTICLE{Bálint2010,
author={Bálint, P. and Melbourne, I.},
journal={Decay of Correlations for Flows with Unbounded Roof Function},
year={2010},
note={cited By (since 1996)1},
source={Scopus},
}

@ARTICLE{Bálint2008435,
author={Bálint, P.a  and Melbourne, I.b },
title={Decay of correlations and invariance principles for dispersing billiards with cusps, and related planar billiard flows},
journal={Journal of Statistical Physics},
year={2008},
volume={133},
number={3},
pages={435-447},
note={cited By (since 1996)9},
url={http://www.scopus.com/inward/record.url?eid=2-s2.0-54949157158&partnerID=40&md5=0340df820d135bac7d75e1b172127614},
affiliation={Institute of Mathematics, Budapest University of Technology and Economics, Budapest, Hungary; Department of Mathematics, University of Surrey, Guildford GU2 7XH, United Kingdom},
abstract={Following recent work of Chernov, Markarian, and Zhang, it is known that the billiard map for dispersing billiards with zero angle cusps has slow decay of correlations with rate 1/n. Since the collisions inside a cusp occur in quick succession, it is reasonable to expect a much faster decay rate in continuous time. In this paper we prove that the flow is rapid mixing: correlations decay faster than any polynomial rate. A consequence is that the flow admits strong statistical properties such as the almost sure invariance principle, even though the billiard map does not. The techniques in this paper yield new results for other standard examples in planar billiards, including Bunimovich flowers and stadia. © 2008 Springer Science+Business Media, LLC.},
author_keywords={Almost sure invariance principle;  Dispersing billiards with cusps;  Polynomial mixing;  Rapid mixing;  Suspension flows},
references={Bálint, P., Gouëzel, S., Limit theorems in the stadium billiard (2006) Commun. Math. Phys., 263, pp. 461-512; Bowen, R., (1975) Equilibrium States and the Ergodic Theory of Anosov Diffeomorphisms Lecture Notes in Math, 470. , Springer Berlin; Bunimovich, L.A., The ergodic properties of billiards that are nearly scattering (1973) Sov. Math. Dokl., 14, pp. 1136-1139; Bunimovich, L.A., On the ergodic properties of some billiards (1974) Funct. Anal. Appl., 8, pp. 73-74; Bunimovich, L.A., On the ergodic properties of nowhere dispersing billiards (1979) Commun. Math. Phys., 65, pp. 295-312; Chernov, N., Decay of correlations and dispersing billiards (1999) J. Statist. Phys., 94, pp. 513-556; Chernov, N., A stretched exponential bound on time correlations for billiard flows (2007) J. Stat. Phys., 127, pp. 21-50; Chernov, N., Dolgopyat, D., Hyperbolic billiards and statistical physics (2006) International Congress of Mathematicians, 2, pp. 1679-1704. , Eur. Math. Soc., Zürich; Chernov, N., Haskell, C., Non-uniformly hyperbolic K-systems are Bernoulli (1996) Ergodic Theory Dynam. Syst., 16, pp. 19-44; Chernov, N., Markarian, R., (2006) Chaotic Billiards Mathematical Surveys and Monographs, 127. , American Mathematical Society Providence; Chernov, N., Markarian, R., Dispersing billiards with cusps: Slow decay of correlations (2007) Commun. Math. Phys., 270, pp. 727-758; Chernov, N., Young, L.S., Decay of correlations for Lorentz gases and hard balls (2000) Hard Ball Systems and the Lorentz Gas Encyclopaedia Math. Sci., 101, pp. 89-120. , Springer Berlin; Chernov, N.I., Zhang, H.-K., Billiards with polynomial mixing rates (2005) Nonlinearity, 18, pp. 1527-1553; Chernov, N.I., Zhang, H.-K., Improved estimates for correlations in billiards (2008) Commun. Math. Phys., 77, pp. 305-321; Dolgopyat, D., Prevalence of rapid mixing in hyperbolic flows (1998) Ergodic Theory Dynam. Syst., 18, pp. 1097-1114; Field, M.J., Melbourne, I., Török, A., Decay of correlations, central limit theorems and approximation by Brownian motion for compact Lie group extensions (2003) Ergodic Theory Dynam. Syst., 23, pp. 87-110; Field, M.J., Melbourne, I., Török, A., Stability of mixing and rapid mixing for hyperbolic flows (2007) Ann. Math., 166, pp. 269-291; Markarian, R., Billiards with polynomial decay of correlations (2004) Ergodic Theory Dynam. Syst., 24, pp. 177-197; Melbourne, I., Rapid decay of correlations for nonuniformly hyperbolic flows (2007) Trans. Am. Math. Soc., 359, pp. 2421-2441; Melbourne, I., Decay of correlations for slowly mixing flows Proc. London Math. Soc., , (to appear). doi: 10.1112/plms/pdn028; Melbourne, I., Nicol, M., Almost sure invariance principle for nonuniformly hyperbolic systems (2005) Commun. Math. Phys., 260, pp. 131-146; Melbourne, I., Nicol, M., A vector-valued almost sure invariance principle for hyperbolic dynamical systems Ann. Probability, , (to appear); Melbourne, I., Török, A., Central limit theorems and invariance principles for time-one maps of hyperbolic flows (2002) Commun. Math. Phys., 229, pp. 57-71; Melbourne, I., Török, A., Statistical limit theorems for suspension flows (2004) Israel J. Math., 144, pp. 191-209; Ornstein, D., Weiss, B., On the Bernoulli nature of systems with some hyperbolic structure (1998) Ergodic Theory Dynam. Syst., 18, pp. 441-456; Philipp, W., Stout, W.F., (1975) Almost Sure Invariance Principles for Partial Sums of Weakly Dependent Random Variables Memoirs of the Amer. Math. Soc., 161. , Am. Math. Soc. Providence; Pollicott, M., On the rate of mixing of Axiom a flows (1985) Invent. Math., 81, pp. 413-426; Reháček, J., On the ergodicity of dispersing billiards (1995) Rand. Comput. Dynam., 3, pp. 35-55; Ruelle, D., (1978) Thermodynamic Formalism Encyclopedia of Math. and Its Applications, 5. , Addison-Wesley Reading; Ruelle, D., Flows which do not exponentially mix (1983) C.R. Acad. Sci. Paris, 296, pp. 191-194; Sinaǐ, Y.G., Dynamical systems with elastic reflections. Ergodic properties of dispersing billiards (1970) Usp. Mat. Nauk, 25, pp. 141-192; Sinaǐ, Y.G., Gibbs measures in ergodic theory (1972) Russ. Math. Surv., 27, pp. 21-70; Wojtkowski, M., Principles for the design of billiards with nonvanishing Lyapunov exponents (1986) Commun. Math. Phys., 105, pp. 391-414; Young, L.-S., Statistical properties of dynamical systems with some hyperbolicity (1998) Ann. Math., 147, pp. 585-650; Young, L.-S., Recurrence times and rates of mixing (1999) Israel J. Math., 110, pp. 153-188},
document_type={Article},
source={Scopus},
}

@ARTICLE{Bálint20081309,
author={Bálint, P.a  and Tóth, I.P.b },
title={Exponential decay of correlations in multi-dimensional dispersing billiards},
journal={Annales Henri Poincare},
year={2008},
volume={9},
number={7},
pages={1309-1369},
note={cited By (since 1996)10},
url={http://www.scopus.com/inward/record.url?eid=2-s2.0-55549087864&partnerID=40&md5=6e08f637e5d1c16b90d0bca1a4ef5dac},
affiliation={Mathematical Institute of the Technical University of Budapest, Egry József u. 1, H-1111 Budapest, Hungary; MTA-BME Stochastics Research Group, Egry József u. 1, H-1111 Budapest, Hungary},
abstract={We prove exponential decay of correlations for a "reasonable" class of multi-dimensional dispersing billiards. The scatterers are required to be C3 smooth, the horizon is finite, there are no corner points. In addition, we assume subexponential complexity of the singularity set. © 2008 Birkhaueser.},
references={Anosov, D.V., Sinai, Y.G., Some smooth ergodic systems (1967) Russian Mathematical Surveys, 22, pp. 103-167; Bachurin, P., (2005) On the structure of the singularity manifolds of dispersing billiards, , Arxiv preprint math.DS/0505620, arxiv.org; V. Baladi and S. Goüezel, Good Banach spaces for piecewise hyperbolic maps via interpolation, Arxiv preprint math.DS/0711.1960v1, 2007 - arxiv.orgBálint, P., Bachurin, P., Tóth, I.P., Local ergodicity of systems with growth properties including multi-dimensional dispersing billiards Israel Journal, , of Mathematics; preprint available at http://www.renyi.hu/~bp/pub.html, to appear in; Bálint, P., Chernov, N.I., Szász, D., Tóth, I.P., Geometry of multi-dimensional dispersing billiards (2003) Astérisque, 286, pp. 119-150; Bálint, P., Chernov, N.I., Szász, D., Tóth, I.P., Multidimensional semi-dispersing billiards: Singularities and the fundamental theorem (2002) Annales Henri Poincaré, 3, pp. 451-482; L. Barreira and Ya. Pesin, Smooth ergodic theory and nonuniformly hyperbolic dynamics, with appendix by O. Sarig, Handbook of Dynamical Systems 1B, Elsevier (2006), 57-263Chernov, N., Statistical properties of piecewise smooth hyperbolic systems in high dimensions (1999) Discrete and Continuous Dynamical Systems, 5, pp. 425-448; Chernov, N., Decay of correlations and dispersing billiards (1999) Journal of Statistical Physics, 94, pp. 513-556; Chernov, N., Dolgopyat, D., Brownian Brownian motion I Memoirs AMS, , http://www.math.umd.edu/~dmitry/brown11.pdf, to appear in, available at; Chernov, N., Markarian, R., (2006) Chaotic billiards, Mathematical Surveys and Monographs, 127. , AMS, Providence, RI; Chernov, N., Young, L.-S., Decay of correlations of Lorentz gases and hard balls (2000) Hard ball systems and the Lorentz gas, pp. 89-120. , ed. Domokos Szász, Springer, Berlin; Katok, A., Strelcyn, J.-M., Invariant manifolds, entropy and billiards; smooth maps with singularities (1986) Lecture Notes in Mathematics, 1222. , Springer; Kobayashi, S., Nomizu, K., (1963) Foundations of differential geometry, , Wiley; Krámli, A., Simányi, N., Szász, D., A "transversal" fundamental theorem for semi-dispersing billiards (1990) Communications in Mathematical Physics, 129, pp. 535-560; Liverani, C., Decay of correlations (1995) Annals of Mathematics, 142, pp. 239-301; Liverani, C., Wojtkowski, M., Ergodicity in Hamiltonian systems (1995) Dynamics Reported (New Series), 4, pp. 130-202; Saussol, B., Absolutely continuous invariant measures for multidimensional expanding maps (2000) Israel Journal of Mathematics, 116, pp. 223-248; Sinai, Y.G., Chernov, N., Ergodic properties of certain systems of 2-D discs and 3-D balls (1987) Russian Mathematical Surveys, 42 (3), pp. 181-201; Young, L.-S., Statistical properties of dynamical systems with some hyperbolicity (1998) Annals of Mathematics, 147, pp. 585-650},
document_type={Article},
source={Scopus},
}

@ARTICLE{Bálint2006461,
author={Bálint, P.a  and Gouëzel, S.b },
title={Limit theorems in the stadium billiard},
journal={Communications in Mathematical Physics},
year={2006},
volume={263},
number={2},
pages={461-512},
note={cited By (since 1996)24},
url={http://www.scopus.com/inward/record.url?eid=2-s2.0-33644599162&partnerID=40&md5=9672aa4ac8aca612ec8be87f7daf6519},
affiliation={Institute of Mathematics, Budapest University of Technology and Economics, 1111 Egry József u. 1, Budapest, Hungary; IRMAR, Université de Rennes 1, Campus de Beaulieu, 35042 Rennes Cedex, France},
abstract={We prove that the Birkhoff sums for ''almost every'' relevant observable in the stadium billiard obey a non-standard limit law. More precisely, the usual central limit theorem holds for an observable if and only if its integral along a one-codimensional invariant set vanishes, otherwise a [InlineMediaObject not available: see fulltext.] normalization is needed. As one of the two key steps in the argument, we obtain a limit theorem that holds in Young towers with exponential return time statistics in general, an abstract result that seems to be applicable to many other situations. © Springer-Verlag Berlin Heidelberg 2006.},
references={Aaronson, J., An introduction to infinite ergodic theory (1997) Mathematical Surveys and Monographs, 50. , [Aar97] Providence RI: American Mathematical Society; Aaronson, J., Denker, M., A local limit theorem for stationary processes in the domain of attraction of a normal distribution (2001) Asymptotic Methods in Probability and Statistics with Applications. Papers from the International Conference, St. Petersburg, Russia, 1998, pp. 215-224. , [AD01] N. Balakrishnan, I.A. Ibragimov, V.B. Nevzorov, eds., Basel: Birkhäuser; Bunimovich, L., On the ergodic properties of nowhere dispersing billiards (1979) Commun. Math. Phys., 65, pp. 295-312. , [Bun79]; Baladi, V., Young, L.-S., On the spectra of randomly perturbed expanding maps (1993) Commun. Math. Phys., 156, pp. 355-385. , [BY93]; Chernov, N., Entropy, Lyapunov exponents and mean free path for billiards (1997) J. Stat. Phys., 88, pp. 1-29. , [Che97]; Chemov, N., Decay of correlations and dispersing billiards (1999) J. Stat. Phys., 94, pp. 513-556. , [Che99]; Chernov, N., Zhang, H., Billiards with polynomial mixing rates (2005) Nonlinearity, 18, pp. 1527-1554. , [CZ05]; Eagleson, G.K., Some simple conditions for limit theorems to be mixing (1976) Teor. Verojatnost. i Primenen., 21 (3), pp. 53-660. , [Eag76]; Gordin, M., The central limit theorem for stationary processes (1969) Dokl. Akad. Nauk SSSR, 188, pp. 739-741. , [Gor69]; Gouëzel, S., (2004) Statistical Properties of A Skew-product with A Curve of Neutral Points, , http://name.math.Univ-rennes1.fr/Sebastien.gouezel/articles/skewproduct. pdf, [Gou03]; Gouëzel, S., Central limit theorem and stable laws for intermittent maps (2004) Probab. Theory and Rel. Fields, 128, pp. 82-122. , [Gou04]; Gouëzel, S., Berry-Esseen theorem and local limit theorem for non uniformly expanding maps Annales de L'IHP Probabilités et Statistiques, 41, pp. 997-1024. , http://name.math.Univ-rennes1.fr/Sebastien.gouezel/articles/vitesse-TCL. pdf, [Gou05a]; Gouëzel, S., Regularity of coboundaries for non uniformly expanding Markov maps (2005) Proc. Am. Math. Soc., 134 (2), pp. 391-401. , [Gou05b]; Hennion, H., Sur un théorème spectral et son application aux noyaux lipschitziens (1993) Proc. Amer. Math. Soc., 118, pp. 627-634. , [Hen93]; Kachurovskiǐ, A.G., Rates of convergence in ergodic theorems (1996) Russian Math. Surveys, 51, pp. 653-703. , [Kac96]; Keller, G., Liverani, C., Stability of the spectrum for transfer operators (1999) Ann. Scuola Norm. Sup. Pisa Cl. Sci., 28 (1-4), pp. 141-152. , [KL99]; Machta, J., Power law decay of correlations in abilliard problem (1983) J. Statist. Phys., 32, pp. 555-564. , [Mac83]; Markarian, R., Billiards with polynomial decay of correlations (2004) Ergodic Theory Dynam. Systems, 24, pp. 177-197. , [Mar04]; Melbourne, I., Török, A., Statistical limit theorems for suspension flows (2004) Israel J. Math., 144, pp. 191-210. , [MT04]; Szász, D., Varjú, T., Local limit theorem for the Lorentz process and its recurrence on the plane (2004) Ergodic Theory Dynam. Systems, 24, pp. 257-278. , [SV04a]; Szász, D., Varjú, T., Markov towers and stochastic properties of billiards (2004) Modern Dynamical Systems and Applications, pp. 433-445. , [SV04b] Cambridge: Cambridge University Press; Szász, D., Varjú, T., (2005) Limit Laws and Recurrence for the Planar Lorentz Process with Infinite Horizon, , [SV05] Preprint; Young, L.-S., Statistical properties of dynamical systems with some hyperbolicity (1998) Ann. Math., 147 (2), pp. 585-650. , [You98]; Young, L.-S., Recurrence times and rates of mixing (1999) Israel J. Math., 110, pp. 153-188. , [You99]},
document_type={Article},
source={Scopus},
}

@ARTICLE{Bálint2003119,
author={Bálint, P.a  and Chernov, N.b  and Szász, D.c  and Tóth, I.P.c },
title={Geometry of multi-dimensional dispersing billiards},
journal={Asterisque},
year={2003},
number={286},
pages={119-150},
note={cited By (since 1996)18},
url={http://www.scopus.com/inward/record.url?eid=2-s2.0-21244435939&partnerID=40&md5=17801c1dfb9d56488b7491ab2aca9890},
affiliation={Alfréd Rényi Institute, H.A.S, Reáltanoda u. 13-15, H-1053 Budapest, Hungary; Department of Mathematics, University of Alabama at Birmingham, Birmingham, AL 35294, United States; Mathematical Institute, Technical University of Budapest, Egry József u. 1, H-1111 Budapest, Hungary},
abstract={Geometric properties of multi-dimensional dispersing billiards arc studied in this paper. On the one hand, non-smooth behaviour in the singularity submanifolds of the system is discovered (this discovery applies to the more general class of semi-dispersing billiards as well). On the other hand, a self-contained geometric description for unstable manifolds is given, together with the proof of important regularity properties. All these issues are highly relevant to studying the ergodic and statistical behaviour of the dynamics. © Astérisque 286, SMF 2003.},
author_keywords={Curvature bounds;  Dispersing billiards;  Hyperbolicity;  Singularities},
references={Arnold, V.I., Gusein-Zade, S.M., Varchenko, A.N., Singularities of differentiale maps i (1985) Monographs in Mathematics, 82. , [AGV] Birkhauser Boston; Bálint, P., Chernov, N.I., Szász, D., Tóth, I.P., Multi-dimensional semi-dispersing billiards: Singularities and the fundamental theorem (2002) Ann. Henri Poincaré, 3, pp. 451-482. , [BChSzT]; Bleher, P., Statistical properties of two-dimensional periodic Lorentz gas with infinite horizon (1992) J. Statist. Phys., 66, pp. 315-373. , [Bl]; Boltzmann, L., Über die eigenschaften monocyklischer und anderer damit ver-wandter systeme (1884) Kronecker J. = J. Reine Angew. Math., 8, pp. 68-94. , [Bo] Jahrbuch Fortschritte Math. 16 863; Bunimovich, L.A., Sinai, Ya.G., Chernov, N.I., Markov partitions for two-dimensional billiards (1990) Russ. Math. Surv., 45, pp. 105-152. , [BSC1]; Bunimovich, L.A., Sinai, Ya.G., Chernov, N.I., Statistical properties of two-dimensional hyperbolic billiards (1991) Russ. Math. Surv., 46, pp. 47-106. , [BSC2]; Bunimovich, L.A., Reháček, J., How high dimensional stadia look like (1998) Commun. Math. Phys., 107, pp. 277-301. , [BR]; Chernov, N.I., Eyink, G.L., Lebowitz, J.L., Sinai, Ya.G., Steady-state electrical conduction in the periodic Lorentz gas (1993) Comm. Math. Phys., 154, pp. 569-601. , [CELS1]; Chernov, N.I., Eyink, G.L., Lebowitz, J.L., Sinai, Y.G., Derivation of Ohm's law in a deterministic mechanical model (1993) Phys. Rev. Let., 70, pp. 2209-2212. , [CELS2]; Chernov, N., Statistical properties of the periodic Lorentz gas. Multidimensional case (1994) J. Statist. Phys., 74, pp. 11-53. , [Ch1]; Chernov, N., Decay of correlations and dispersing billiards (1999) J. Statist. Phys., 94, pp. 513-556. , [Ch2]; Chernov, N., Sinai billiards under small external forces (2001) Ann. Henri Poincaré, 2, pp. 197-236. , [Ch3]; Conze, J.P., Sur un critère de récurrence en dimension 2 pour les marches station-naires, applications (1999) Ergod. Th. Dynam. Sys., 19, pp. 1233-1245. , [Co]; Dettmann, C.P., Morriss, G.P., Crisis in the periodic Lorentz gas (1996) Phys. Rev. E., 54, pp. 4782-4790. , [DM]; Gallavotti, G., Ornstein, D., Billiards and Bernoulli schemes (1974) Comm. Math. Phys., 38, pp. 83-101. , [GO]; Gallavotti, G., Cohen, E.D.G., Dynamical ensembles in stationary states (1995) J. Stat. Phys., 80, pp. 931-970. , [GC]; Krámli, A., Simányi, N., Szász, D., A "transversal" fundamental theorem for semi-dispersing billiards (1990) Comm. Math. Phys., 129, pp. 535-560. , [KSSz]; Krámli, A., Szász, D., The problem of recurrence for the Lorentz process (1985) Commun. Math. Phys., 98, pp. 539-552. , [KSz]; Ruelle, D., Smooth dynamics and new theoretical ideas in nonequilibrium statistical mechanics (1999) J. Statist. Phys., 94. , [Ru]; Schmidt, K., On joint recurrence (1998) C.R. Acad. Sci. Paris Séc. I. Math., 327, pp. 837-842. , [Schm]; Sinai, Ya.G., Dynamical systems with elastic reflections. Ergodic properties of dispersing billiards (1970) Russ. Math. Surv., 25, pp. 137-189. , [Si]; Sinai, Ya.G., Chernov, N., Ergodic properties of certain systems of 2-D discs and 3-D balls (1987) Russain Mathematical Surveys, (3), 42, pp. 181-201. , [SCh]; Young, L.-S., Statistical properties of dynamical systems with some hyperbolicity (1998) Annals of Math., 147, pp. 585-650. , [Y1]; Young, L.-S., Ergodic theory of chaotic dynamical systems (1999) XIIth International Congress of Mathematical Physics (ICMP'97), pp. 131-143. , [Y2] (Brisbane), , Internat. Press, Cambridge, MA},
document_type={Article},
source={Scopus},
}

@ARTICLE{Bálint2002451,
author={Bálint, P.a  and Chernov, N.b  and Szász, D.c  and Tóth, I.P.c },
title={Multi-dimensional semi-dispersing billiards: Singularities and the fundamental theorem},
journal={Annales Henri Poincare},
year={2002},
volume={3},
number={3},
pages={451-482},
note={cited By (since 1996)19},
url={http://www.scopus.com/inward/record.url?eid=2-s2.0-0036435079&partnerID=40&md5=d35f46c192f73572e161a6d6f69aa8a4},
affiliation={Alfréd Rényi Institute of the H.A.S., Reáltanoda u. 13-15, H-1053 Budapest, Hungary; Department of Mathematics, University of Alabama at Birmingham, Birmingham, AL 35294, United States; Mathematical Institute, Technical University of Budapest, Egry József u.1, H-1111 Budapest, Hungary},
abstract={The fundamental theorem (also called the local ergodic theorem) was introduced by Sinai and Chernov in 1987, see [S-Ch(1987)] and an improved version in [K-S-Sz(1990)]. It provides sufficient conditions on a phase point under which some neighborhood of that point belongs to one ergodic component. This theorem has been instrumental in many studies of ergodic properties of hyperbolic dynamical systems with singularities, both in 2-D and in higher dimensions. The existing proofs of this theorem implicitly use the assumption on the boundedness of the curvature of singularity manifolds. However, we found recently ([B-Ch-Sz-T(2000)]) that, in general, this assumption fails in multidimensional billiards. Here the fundamental theorem is established under a weaker assumption on singularities, which we call Lipschitz decomposability. Then we show that whenever the scatterers of the billiard are defined by algebraic equations, the singularities are Lipschitz decomposable. Therefore, the fundamental theorem still applies to physically important models - among others to hard ball systems, Lorentz gases with spherical scatterers, and Bunimovich-Reháček stadia.},
references={Bálint, P., Chernov, N., Szász, D., Tóth, P., Geometry of multi-dimensional dispersing billiards (2000) Astérisque, , B-Ch-Sz-T(2000); Bochnak, J., Coste, M., Roy, M.-F., (1987) Géométrie algébrique réelle, , [B-C-R(1987)] Springer; Bunimovich, L.A., Reháček, J., How high dimensional stadia look like (1998) Commun. Math. Phys., 197, pp. 277-301. , B-R(1998); Falconer, K., (1985) The Geometry of Fractal Sets, , Fa(1985)] Cambridge University Press; Falconer, K., (1990) Fractal Geometry, Mathematical Foundations and Applications, , [Fa(1990)] John Wiley & Sons; Federer, H., (1969) Geometric Measure Theory, , [F(1969)] Springer; Hague, E.H., What can we learn from Lorentz models? (1974) Lecture Notes in Physics, 31, p. 377. , [H(1974)] Transport Phenomena, Springer; Krámli, A., Simányi, N., Szász, D., A "transversal" fundamental theorem for semi-dispersing billiards (1990) Comm. Math. Phys., 129, pp. 535-560. , K-S-Sz(1990); Liverani, C., Wojtkowski, M., Ergodicity in Hamiltonian systems (1995) Dynamics Reported 4 (New Series), pp. 130-202. , L-W(1995); Milnor, J., On the betti number of real varieties (1964) Proc. Amer. Math. Soc., 15, pp. 275-280. , M(1964); Shafarevich, I.R., (1974) Basic Algebraic Geometry, , [Sh(1974)] Springer; Simányi, N., (2001) Proof of the Boltzmann-Sinai Ergodic Hypothesis for Typical Hard Disk Systems, , [Sim(2001)] submitted for publication, arXiv:math.DS/0008241; Simányi, N., The complete hyperbolicity of cylindric billiards (2002) Ergodic Theory and Dynamical Systems, 22, pp. 281-302. , [Sim(2002)] arXiv:math.DS/9906139; Simányi, N., Szász, D., Hard ball systems are completely hyperbolic (1999) Annals of Mathematics, 149, pp. 35-96. , S-Sz(1999); Sinai, Ya.G., Dynamical systems with elastic reflections (1970) Russian Mathematical Surveys, 25 (2), pp. 137-189. , S(1970); Sinai, Ya.G., Chernov, N., Ergodic properties of certain systems of 2-D discs and 3-D balls (1987) Russain Mathematical Surveys, 42 (3), pp. 181-201. , S-Ch(1987); Szász, D., The K-property of "orthogonal" cylindric billiards (1994) Commun. Math. Phys., 160, pp. 581-597. , Sz(1994); Szász, D., Hard Ball systems and the Lorentz gas (2000) Encyclopedia of Mathematical Sciences, 101. , [Sz(2000)] Springer; Stewart, I., (1973) Galois Theory, , [St(1973)] Chapman and Hill, London},
document_type={Article},
source={Scopus},
}

@ARTICLE{Basile2013,
author={Basile, G. and Nota, A. and Pulvirenti, M.},
journal={A Diffusion Limit for A Test Particle in A Random Distribution of Scatterers},
year={2013},
note={cited By (since 1996)1},
source={Scopus},
}

@ARTICLE{Batistić2013,
author={Batistić, B.},
journal={Fermi Acceleration in Chaotic Shape-Preserving Billiards},
year={2013},
note={cited By (since 1996)1},
source={Scopus},
}

@ARTICLE{Batistić2011365101,
author={Batistić, B. and Robnik, M.},
journal={J. Phys. A},
year={2011},
volume={44},
pages={365101},
note={cited By (since 1996)2},
source={Scopus},
}

@ARTICLE{Benenti2011466,
author={Benenti, G.a  b  c  and Casati, G.a  b  c  d },
title={Increasing thermoelectric efficiency: Dynamical models unveil microscopic mechanisms},
journal={Philosophical Transactions of the Royal Society A: Mathematical, Physical and Engineering Sciences},
year={2011},
volume={369},
number={1935},
pages={466-481},
note={cited By (since 1996)8},
url={http://www.scopus.com/inward/record.url?eid=2-s2.0-79251477572&partnerID=40&md5=a3687372ea37fdc99a24372d8eedb567},
affiliation={CNISM, CNR-INFM, Via Valleggio 11, 22100 Como, Italy; Centre for Nonlinear and Complex Systems, Università Degli Studi dell'Insubria, Via Valleggio 11, 22100 Como, Italy; Istituto Nazionale di Fisica Nucleare, Sezione di Milano, Via Celoria 16, 20133 Milano, Italy; Centre for Quantum Technologies, National University of Singapore, Singapore 117543, Singapore},
abstract={Dynamical nonlinear systems provide a new approach to the old problem of increasing the efficiency of thermoelectric machines. In this review, we discuss stylized models of classical dynamics, including non-interacting complex molecules in an ergodic billiard, A disordered hard-point gas and an abstract thermoelectric machine. The main focus will be on the physical mechanisms, unveiled by these dynamical models, which lead to high thermoelectric efficiency approaching the Carnot limit. This journal is © 2011 The Royal Society.},
author_keywords={Coupled particle-energy transport;  Nonlinear dynamics;  Onsager coefficients;  Thermoelectricity},
references={Mahan, G., Sales, B., Sharp, J., Thermoelectric materials: New approaches to an old problem (1997) Phys. Today, 50, pp. 42-47. , doi:10.1063/1.881752; Majumdar, A., Thermoelectricity in semiconductor nanostructures (2004) Science, 303, pp. 777-778. , doi:10.1126/science.1093164; Dresselhaus, M.S., Chen, G., Tang, M.Y., Yang, R.G., Lee, H., Wang, D.Z., Ren, Z.F., Gogna, P., New directions for low-dimensional thermoelectric materials (2007) Adv. Mater., 19, pp. 1043-1053. , doi:10.1002/adma.200600527; Snyder, G.J., Toberer, E.R., Complex thermoelectric materials (2008) Nat. Mater., 7, pp. 105-114. , doi:10.1038/nmat2090; Mahan, G.D., Sofo, J.O., The best thermoelectric (1996) Proc. Natl Acad. Sci. USA, 93, pp. 7436-7439. , doi:10.1073/pnas.93.15.7436; Humphrey, T.E., Newbury, R., Taylor, R.P., Linke, H., Reversible quantum Brownian heat engines for electrons (2002) Phys. Rev. Lett., 89, p. 116801. , doi:10.1103/PhysRevLett.89.116801; Humphrey, T.E., Linke, H., Reversible thermoelectric nanomaterials (2005) Phys. Rev. Lett., 94, p. 096601. , doi:10.1103/PhysRevLett.94.096601; Casati, C., Mejía-Monasterio, C., Prosen, T., Increasing thermoelectric efficiency: A dynamical systems approach (2008) Phys. Rev. Lett., 101, p. 016601. , doi:10.1103/PhysRevLett.101.016601; Casati, G., Wang, L., Prosen, T., A one-dimensional hard-point gas and thermoelectric efficiency (2009) J. Stat. Mech. Theor. Exp., 2009, pp. L03004. , doi:10.1088/1742-5468/2009/03/L03004; Wang, J., Casati, G., Prosen, T., Lai, C.-H., One-dimensional hard-point gas as a thermoelectric engine (2009) Phys. Rev. E, 80, p. 031136. , doi:10.1103/PhysRevE.80.031136; Horvat, M., Prosen, T., Casati, G., Exactly solvable model of a highly efficient thermoelectric engine (2009) Phys Rev. E, 80, pp. 010102R. , doi:10.1103/PhysRevE.80.010102; Saito, K., Benenti, G., Casati, G., A microscopic mechanism for increasing thermoelectric efficiency (2010) Chem. Phys., 375, pp. 508-513. , doi:10.1016/j.chemphys.2010.06.009; Callen, H.B., (1985) Thermodynamics and An Introduction to Thermostatics, 2nd Edn, , New York, NY: John Wiley & Sons; De Groot, S.R., Mazur, P., (1984) Non-equilibrium Thermodynamics, , New York, NY: Dover; Walstrom, P.L., Spatial dependence of thermoelectric voltages and reversible heats (1988) Am. J. Phys., 56, pp. 890-894. , doi:10.1119/1.15404; Mejía-Monasterio, C., Larralde, H., Leyvraz, F., Coupled normal heat and matter transport in a simple model system (2001) Phys. Rev. Lett., 86, pp. 5417-5420. , doi:10.1103/PhysRevLett.86.5417; Larralde, H., Leyvraz, F., Mejía-Monasterio, C., Transport properties of a modified Lorentz gas (2003) J. Stat. Phys., 113, pp. 197-231. , doi:10.1023/A:1025726905782; Eckmann, J.-P., Mejía-Monasterio, C., Zabey, E., Memory effects in nonequilibrium transport for deterministic Hamiltonian systems (2006) J. Stat. Phys., 123, pp. 1339-1360. , doi:10.1007/s10955-006-9153-4; Sant, M., Papadopoulos, G.K., Theodorou, D.N., A second-order Markov process for modeling diffusive motion through spatial discretization (2008) J. Chem. Phys., 128, p. 024504. , doi:10.1063/1.2813416},
document_type={Article},
source={Scopus},
}
