<pre>
@Unpublished{SiCvi10,
    author = "Siminos, E. and Cvitanovi{\'c}, P.",
    title = "Continuous symmetry reduction and return maps for high-dimensional flows",
    year = "2010",
    note = "{Physica D}, submitted"
}
</pre>