<pre>
@PhdThesis{SiminosThesis,
  author = "Siminos, E.",
  title = "Recurrent Spatio-temporal Structures in Presence of Continuous Symmetries",
  school = "School of Physics, Georgia Inst. of Technology",
  year = "2009",
  month = "May",
  address = "Atlanta",
  note = "avalaible online at http://www.chaosbook.org/projects/Siminos/theses.pdf"
}
</pre>