@Unpublished{SSL11,
  author={G. S\'anchez-Arriaga and E. Siminos and E. Lefebvre},
  title= {Relativistic solitary waves modulating long laser pulses in plasmas},
  note = {To appear in {\em Plasma~Phys.~Contr.~Fusion}, \httplink[arxiv:1101.1004]{arxiv.org/abs/1101.1004}},
  year = {2011}
}

@Unpublished{siminos11,
    author = {Siminos, E. and B\'enisti, D. and Gremillet, L.},
    title = {Stability of nonlinear {Vlasov} equilibria through spectral deformation and {Fourier-Hermite} expansion},
    year = {2011},
    note = {Submitted to {\em Phys. Rev. E}, \httplink[arxiv:1101.1318]{arxiv.org/abs/1101.1318}}
}
 

@Article{ SCD07,
    author = "Cvitanovi{\'c}, P.  and Davidchack, R. L.   and Siminos, E.",
    title = "On the state space geometry of the {Kuramoto-Sivashinsky} flow
    in a periodic domain",
    journal = "SIAM J. Appl. Dyn. Syst.",
    volume = "9",
    issue = "1",
    pages = "1-33",
    year = "2010",
    doi  = "10.1137/070705623",
}

@Article{ SiCvi10,
    author = "Siminos, E. and Cvitanovi{\'c}, P.",
    title = "Continuous symmetry reduction
             and return maps for high-dimensional flows",
    journal = "Physica D",
    year = "2011",
    volume = "240",
    pages = "187--198",
}

@PhDThesis{SiminosThesis,
  author =       "Siminos, E.",
  title =        "Recurrent Spatio-temporal Structures in Presence
                  of Continuous Symmetries",
  school =       "School of Physics, Georgia Inst. of Technology",
  year =         "2009",
  address =      "Atlanta",
}



@Article{benisti10-1,
  title = {Self-Organization and Threshold of Stimulated Raman Scattering},
  author = {B\'enisti, D. and Morice, O.  and Gremillet, L.  and Siminos, E.  and Strozzi, D. J.},
  journal = {Phys. Rev. Lett.},
  volume = {105},
  number = {1},
  pages = {015001},
  numpages = {4},
  year = {2010},
  doi = {10.1103/PhysRevLett.105.015001},
}


@article{benisti10-2,
    author = {D. B\'{e}nisti and O. Morice and L. Gremillet and E. Siminos and D. J. Strozzi},
    title = {Nonlinear group velocity of an electron plasma wave},
    year = {2010},
    journal = {Physics of Plasmas},
    volume = {17},
    number = {8},
    pages = {082301},
    doi = {10.1063/1.3464467}
}


@article{benisti10-3,
    author = {D. B\'{e}nisti and O. Morice and L. Gremillet and E. Siminos and D. J. Strozzi},
    title = {Nonlinear kinetic description of {Raman} growth using an envelope code, and comparisons with {Vlasov} simulations},
    year = {2010},
    journal = {Phys. Plasmas},
    volume = {17},
    number = {10},
    numpages = {14},
    pages = {102311},
    doi = {10.1063/1.3494223}
}

