<pre>
@Article{benisti10-1,
  title = {Self-Organization and Threshold of Stimulated {Raman} Scattering},
  author = {B\'enisti, D. and Morice, O.  and Gremillet, L.  and Siminos, E.  and Strozzi, D.J.},
  journal = {Phys. Rev. Lett.},
  volume = {105},
  number = {1},
  pages = {015001},
  year = {2010},
  doi = {10.1103/PhysRevLett.105.015001},
}
</pre>
