<pre>
@Article{benisti10-3,
      author = {D. B\'{e}nisti and O. Morice and L. Gremillet and E. Siminos and D. J. Strozzi},
      title = {Nonlinear kinetic description of {Raman} growth using an envelope code, and comparisons with {Vlasov} simulations},
      year = {2010},
      journal = {Phys. Plasmas},
      volume = {17},
      number = {10},
      numpages = {14},
      pages = {102311},
      doi = {10.1063/1.3494223}
}
</pre>