<pre>
@Article{benisti10-2,
    author = {D. B\'{e}nisti and O. Morice and L. Gremillet and E. Siminos and D. J. Strozzi},
    title = {Nonlinear group velocity of an electron plasma wave},
    year = {2010},
    journal = {Physics of Plasmas},
    volume = {17},
    number = {8},
    pages = {082301},
    doi = {10.1063/1.3464467}
}
</pre>