<pre>
@Article{CDS10,
    author = "Cvitanovi{\'c}, P.  and  Davidchack, R. L.  and  Siminos, E.",
    title = "On the state space geometry of the {Kuramoto-Sivashinsky} flow in a periodic domain",
    journal = "SIAM J. Appl. Dyn. Syst.",
    volume = "9",
    issue = "1",
    pages = "1-33",
    year = "2010",
    doi  = "10.1137/070705623",
    note = "arXiv:nlin.CD/0709.2944"
}
</pre>