<pre>
@Article{SiCvi11,
    author = "Siminos, E. and Cvitanovi{\'c}, P.",
    title = "Continuous symmetry reduction and return maps for high-dimensional flows",
    year = "2011",
    journal = "Physica D",
    volume = "240",
    pages = "187--198",
    doi = "10.1016/j.physd.2010.07.010"
}
</pre>
