<pre>
@Article{SSL11,
  author={G. S\'anchez-Arriaga and E. Siminos and E. Lefebvre},
  title= {Relativistic solitary waves modulating long laser pulses in plasmas},
  journal = {Plasma Phys. Contr. Fusion},
  volume = {53}, 
  pages = {045011},
  year = {2011},
  doi = {10.1088/0741-3335/53/4/045011}
}
</pre>
