% This file was created with JabRef 2.7.2.
% Encoding: Cp1252

@ARTICLE{Christiansen96,
  author = {F. Christiansen and P. Cvitanovi\'{c} and V. Putkaradze},
  title = {Hopf's last hope: spatiotemporal chaos in terms of unstable recurrent
	patterns},
  year = {1996}
}

@INPROCEEDINGS{CvWiAv12,
  author = {Cvitanovi{\'c}, P. and Willis, A. P. and Avila, M.},
  title = {Revealing the state space of turbulent pipe flow by symmetry reduction},
  booktitle = {Proceed. ICTAM 2012 Intern. Congr. Theor. and Appl. Mech.},
  year = {2012},
  editor = {Jianxiang Wang}
}

@ARTICLE{n00bs,
  author = {Gibson, J. F. and Halcrow, J. and Cvitanovi{\'c}, P.},
  title = {Equilibrium and traveling-wave solutions of plane {Couette} flow},
  journal = {J. Fluid Mech.},
  year = {2009},
  volume = {638},
  pages = {243-266}
}

@ARTICLE{GHCW07,
  author = {J. F. Gibson and J. Halcrow and P. Cvitanovi{\'c}},
  title = {Visualizing the geometry of state-space in plane {Couette} flow},
  journal = {J. Fluid Mech.},
  year = {2008},
  volume = {611},
  pages = {107-130}
}

@ARTICLE{Lorenz60,
  author = {E. N. Lorenz},
  title = {Maximum Simplification of the Dynamics Equations},
  journal = {A Quaterly Journal of Geophysics},
  year = {1960},
  volume = {12},
  pages = {243-254},
  number = {3},
  month = {August}
}

@ARTICLE{Majda03,
  author = {Andrew J. Majda},
  title = {Systematic Multiscale Models for the Tropics},
  journal = {Journal of the Atmospheric Sciences},
  year = {2003},
  volume = {60},
  pages = {393-408},
  owner = {Sebstian Ortega},
  timestamp = {2012.05.04}
}

@INBOOK{Palmer06,
  chapter = {Predictability of Weather and Climate: from Theory to Practice},
  pages = {1-30},
  title = {Predictability of Weather and Climate},
  publisher = {Cambridge University Press},
  year = {2006},
  editor = {T. Palmer, E. Hagedorn},
  author = {T. Palmer}
}

@ARTICLE{Visw07b,
  author = {D. Viswanath},
  title = {Recurrent motions within plane {Couette} turbulence},
  journal = {J. Fluid Mech.},
  year = {2007},
  volume = {580},
  pages = {339-358}
}

@ARTICLE{Webster72,
  author = {Peter J. Webster},
  title = {Response of the Tropical Atmosphere to Local, Steady Forcing},
  journal = {Monthly Weather Review},
  year = {1972},
  volume = {100},
  pages = {518-541},
  owner = {Sebstian Ortega},
  timestamp = {2012.05.04}
}
